<marcxml:record xmlns:marcxml="http://www.loc.gov/MARC21/slim" xmlns:mets="http://www.loc.gov/METS/" xmlns:bf="http://id.loc.gov/ontologies/bibframe/" xmlns:bflc="http://id.loc.gov/ontologies/bflc/" xmlns:madsrdf="http://www.loc.gov/mads/rdf/v1#" xmlns:rdf="http://www.w3.org/1999/02/22-rdf-syntax-ns#" xmlns:ri="http://id.loc.gov/ontologies/RecordInfo#" xmlns:idx="info:lc/xq-modules/lcindex" xmlns:semtriples="http://marklogic.com/semantic" xmlns:xsi="http://www.w3.org/2001/XMLSchema-instance" xmlns:xlink="http://www.w3.org/1999/xlink" xmlns:streams="info:lc/streams#">
  <marcxml:leader>01353cam a22003251  4500</marcxml:leader>
  <marcxml:controlfield tag="001">9180739</marcxml:controlfield>
  <marcxml:controlfield tag="005">20130514080248.0</marcxml:controlfield>
  <marcxml:controlfield tag="008">790907m18681879enkf          000 0 enm  </marcxml:controlfield>
  <marcxml:datafield tag="906" ind1=" " ind2=" ">
    <marcxml:subfield code="a">7</marcxml:subfield>
    <marcxml:subfield code="b">cbc</marcxml:subfield>
    <marcxml:subfield code="c">oclcrpl</marcxml:subfield>
    <marcxml:subfield code="d">u</marcxml:subfield>
    <marcxml:subfield code="e">ncip</marcxml:subfield>
    <marcxml:subfield code="f">19</marcxml:subfield>
    <marcxml:subfield code="g">y-gencatlg</marcxml:subfield>
  </marcxml:datafield>
  <marcxml:datafield tag="010" ind1=" " ind2=" ">
    <marcxml:subfield code="a">   17005590 </marcxml:subfield>
  </marcxml:datafield>
  <marcxml:datafield tag="035" ind1=" " ind2=" ">
    <marcxml:subfield code="9">(DLC)   17005590</marcxml:subfield>
  </marcxml:datafield>
  <marcxml:datafield tag="035" ind1=" " ind2=" ">
    <marcxml:subfield code="a">(OCoLC)5349591</marcxml:subfield>
  </marcxml:datafield>
  <marcxml:datafield tag="040" ind1=" " ind2=" ">
    <marcxml:subfield code="a">DLC</marcxml:subfield>
    <marcxml:subfield code="c">UU</marcxml:subfield>
    <marcxml:subfield code="d">FTaSU</marcxml:subfield>
    <marcxml:subfield code="d">OCoLC</marcxml:subfield>
    <marcxml:subfield code="d">DLC</marcxml:subfield>
  </marcxml:datafield>
  <marcxml:datafield tag="050" ind1="0" ind2="0">
    <marcxml:subfield code="a">PR1901</marcxml:subfield>
    <marcxml:subfield code="b">.A3</marcxml:subfield>
  </marcxml:datafield>
  <marcxml:datafield tag="100" ind1="1" ind2=" ">
    <marcxml:subfield code="a">Chaucer, Geoffrey,</marcxml:subfield>
    <marcxml:subfield code="d">-1400.</marcxml:subfield>
  </marcxml:datafield>
  <marcxml:datafield tag="245" ind1="1" ind2="4">
    <marcxml:subfield code="a">The Petworth ms. of Chaucer's Canterbury tales.</marcxml:subfield>
    <marcxml:subfield code="c">Ed. by Frederick J. Furnivall.</marcxml:subfield>
  </marcxml:datafield>
  <marcxml:datafield tag="260" ind1=" " ind2=" ">
    <marcxml:subfield code="a">London,</marcxml:subfield>
    <marcxml:subfield code="b">Pub. for the Chaucer society by N. Trübner &amp; co.,</marcxml:subfield>
    <marcxml:subfield code="c">1868-1879.</marcxml:subfield>
  </marcxml:datafield>
  <marcxml:datafield tag="300" ind1=" " ind2=" ">
    <marcxml:subfield code="a">viii, [3] 154 p., 1 l., 155-710 (i.e. 714) p., 2 l.</marcxml:subfield>
    <marcxml:subfield code="b">14 pl.</marcxml:subfield>
  </marcxml:datafield>
  <marcxml:datafield tag="410" ind1="1" ind2="0">
    <marcxml:subfield code="a">Chaucer society.</marcxml:subfield>
    <marcxml:subfield code="b">[Publications]</marcxml:subfield>
    <marcxml:subfield code="t">First series.</marcxml:subfield>
    <marcxml:subfield code="v">6,12,19,35,42,54,68</marcxml:subfield>
  </marcxml:datafield>
  <marcxml:datafield tag="500" ind1=" " ind2=" ">
    <marcxml:subfield code="a">Issued in 7 parts. 1868-84.</marcxml:subfield>
  </marcxml:datafield>
  <marcxml:datafield tag="500" ind1=" " ind2=" ">
    <marcxml:subfield code="a">Extra pages numbered 608a-b, 608a-b.</marcxml:subfield>
  </marcxml:datafield>
  <marcxml:datafield tag="500" ind1=" " ind2=" ">
    <marcxml:subfield code="a">Imperfect: wanting 9 plates (cf. p. vii) and 9 woodcuts of "6 tellers of tales" from Cambridge ms. (perhaps never issued)</marcxml:subfield>
  </marcxml:datafield>
  <marcxml:datafield tag="650" ind1=" " ind2="0">
    <marcxml:subfield code="a">Christian pilgrims and pilgrimages</marcxml:subfield>
    <marcxml:subfield code="v">Poetry.</marcxml:subfield>
  </marcxml:datafield>
  <marcxml:datafield tag="600" ind1="1" ind2="0">
    <marcxml:subfield code="a">Chaucer, Geoffrey,</marcxml:subfield>
    <marcxml:subfield code="d">-1400</marcxml:subfield>
    <marcxml:subfield code="x">Manuscripts.</marcxml:subfield>
  </marcxml:datafield>
  <marcxml:datafield tag="650" ind1=" " ind2="0">
    <marcxml:subfield code="a">Manuscripts, Medieval</marcxml:subfield>
    <marcxml:subfield code="z">England.</marcxml:subfield>
  </marcxml:datafield>
  <marcxml:datafield tag="650" ind1=" " ind2="0">
    <marcxml:subfield code="a">Manuscripts, English (Middle)</marcxml:subfield>
  </marcxml:datafield>
  <marcxml:datafield tag="700" ind1="1" ind2=" ">
    <marcxml:subfield code="a">Furnivall, Frederick James,</marcxml:subfield>
    <marcxml:subfield code="d">1825-1910,</marcxml:subfield>
    <marcxml:subfield code="e">ed.</marcxml:subfield>
  </marcxml:datafield>
  <marcxml:datafield tag="985" ind1=" " ind2=" ">
    <marcxml:subfield code="e">OCLC REPLACEMENT</marcxml:subfield>
  </marcxml:datafield>
  <marcxml:datafield tag="985" ind1=" " ind2=" ">
    <marcxml:subfield code="g">fcd</marcxml:subfield>
  </marcxml:datafield>
  <marcxml:datafield tag="991" ind1=" " ind2=" ">
    <marcxml:subfield code="b">c-GenColl</marcxml:subfield>
    <marcxml:subfield code="h">PR1901</marcxml:subfield>
    <marcxml:subfield code="i">.A3</marcxml:subfield>
    <marcxml:subfield code="t">Copy 1</marcxml:subfield>
    <marcxml:subfield code="w">OCLCREP</marcxml:subfield>
  </marcxml:datafield>
</marcxml:record>
